

@book{Czarnecki:GP,
   author = "Krzysztof Czarnecki and Ulrich W. Eisenecker",
   title = "Generative Programing: Methods, Tools, and Applications",
   publisher = "Addison-Wesley",
   year = 2000
}

@book{Coplien:MPD,
   author = "James O. Coplien",
   title = "Multi-Paradigm Design for C++",
   publisher = "Addison-Wesley",
   year = 1999
}

@techreport{Kang:FODA,
   author = "Kyo C. Kang and Sholom G. Cohen and James A. Hess and William E. Novak and A. Spencer Peterson",
   title = "Feature-Oriented Domain Analysis ({FODA}): A Feasibility Study",
   institution = SEI,
   address = "Pittsburgh, USA",
   month = nov,
   year = 1990,
   number = "CMU/SEI-90-TR-21",
}        
   www = "\url{http://www.sei.cmu.edu/domain-engineering/FODA.ps}"
   note = "Available at~\cite{SEI} (last accessed in " # mar # " 2002)",


@article{Kang:FORM,
    author = "Kyo C. Kang and Sajoong Kim and Jaejoon Lee and Kijoo Kim and Euiseob Shin and Moonhang Huh",
    title = "{FORM}: A Feature-Oriented Reuse Method with Domain-Specific Reference Architectures",
    journal = "Annals of Software Engineering",
    volume = "5",
    month = jan,
    year = "1998",
    pages = "143--168",
}


@inproceedings{Czarnecki:Progress,
 author = {Krzysztof Czarnecki and Chang Hwan Peter Kim},
 title = {Cardinality-Based Feature Modeling and Constraints: A Progress Report},
 booktitle = {International Workshop on Software Factories, OOPSLA 2005},
 month = oct,
 year = {2005},
 address = {San Diego, USA},
}

@inproceedings{Cechticky:XMLbasedFM,
  author    = {Vaclav Cechticky and Alessandro Pasetti and O. Rohlik and Walter Schaufelberger},
  title     = {XML-Based Feature Modelling},
  pages     = {101-114},
  crossref  = {DBLP:conf/icsr/2004},
}

@proceedings{DBLP:conf/icsr/2004,
  booktitle = {Proc. of 8th International Conference on Software Reuse, ICSR 2004}, 
  address = {Madrid, Spain},
  month = jul,
  year = 2009,
  publisher = {Springer},
  series    = {LNCS 3107},
  year      = {2004},
}

@inproceedings{Antkiewitz:FeaturePlugin,
 author = {Michal Antkiewicz and Krzysztof Czarnecki},
 title = {FeaturePlugin: Feature Modeling Plug-In for Eclipse},
 booktitle = {Proc. of the 2004 OOPSLA Workshop on Eclipse Technology Exchange, {eclipse '04}},
 year = {2004},
 pages = {67--72},
 address = {Vancouver, British Columbia, Canada},
 publisher = {ACM},
}
 address = {New York, NY, USA},

@inproceedings{Simos:ODM,
   author = {Mark A. Simos},
   title = {Organization Domain Modeling ({ODM}): Formalizing The Core Domain Modeling Life Cycle},
   booktitle = {Proc. of the 1995 Symposium on Software reusability},
   year = 1995,
   isbn = {0-89791-739-1},
   pages = {196--205},
   address ={Seattle, Washington, United States},
   doi = {http://doi.acm.org/10.1145/211782.211845},
   publisher = {ACM}
}


    title = "The Representation of Component Semantics: A Feature-Oriented Approach",
@inproceedings{Czarnecki:EmbeddedGP,
    author = "Krzysztof Czarnecki and Thomas Bednasch and Peter Unger and Ulrich W. Eisenecker",
    title = "Generative Programming for Embedded Software: An Industrial Experience Report",
    booktitle = "Generative Programming and Component Engineering: ACM SIGPLAN/SIGSOFT Conference, GPCE 2002",
    editor = "Don Batory and others",
    address = "Pittsburgh, PA, USA",
    month = oct,
    year = 2002,
    pages = "156–-172",
    series = "LNCS 2487"
}


@inproceedings{Czarnecki:MappingFeatures,
  author    = {Krzysztof Czarnecki and Michal Antkiewicz},
  title     = {Mapping Features to Models: A Template Approach Based on Superimposed Variants},
  pages     = {422-437},
  crossref  = {GPCE2005}
}

@proceedings{GPCE2005,
  editor    = {Robert Gl{\"u}ck and
               Michael R. Lowry},
  booktitle = {Proc. of Generative Programming and Component Engineering, 4th International Conference, GPCE 2005},
  publisher = {Springer},
  series    = {LNCS 3676},
  address   = "Tallinn, Estonia",
  month	    = oct,
  year      = 2005,
  isbn      = {3-540-29138-5}
}

@article{Czarnecki:Staged,
    author = "Krzysztof Czarnecki and Simon Helsen and Ulrich Eisenecker",
    title = "Staged Configuration Through Specialization and Multi-Level Configuration of Feature Models",
    journal = "Software Process: Improvement and Practice",
    volume = 10,
    issue = 2,
    month = apr # "/" # jun,
    year = "2005",
    pages = "143--169",
}

@article{Czarnecki:FormalizingFM,
    author = "Krzysztof Czarnecki and Simon Helsen and Ulrich Eisenecker",
    title = "Formalizing Cardinality-Based Feature Models and their Specialization",
    journal = "Software Process: Improvement and Practice",
    volume = 10,
    issue = 1,
    month = jan # "/" # mar,
    year = "2005",
    pages = "7--29",
}


%%%%%%%%%%%%%%%%%%%%%


@book{Booch:OOAD,
   author = "Grady Booch",
   title = "Object-Oriented Analysis and Design with Applications",
   publisher = "Addison-Wesley",
   edition = "second",
   year = 1994
}

@book{Meyer:OOSC,
   author = "Bertrand Meyer",
   title = "Object-Oriented Software Construction",
   publisher = "Prentice Hall",
   edition = "second",
   year = 1997
}

@book{Budd:MPP,
   author = "Timothy A. Budd",
   title = "Multiparadigm Programming in Leda",
   publisher = "Addison-Wesley",
   year = 1995
}

%ISBN 0-534-94602-X
@book{karl:demeter,
   AUTHOR = "Karl J. Lieberherr",
   TITLE = "Adaptive Object-Oriented Software: The Demeter Method with Propagation Patterns",
   PUBLISHER = "PWS Publishing Company, Boston",
   YEAR = 1996,
}
   NOTE = "Available at~\cite{Demeter}"


@book{Kuhn:Revolutions,
   author = "Thomas S. Kuhn",
   title = "The Structure of Scientific Revolutions",
   publisher = "University of Chicago Press",
   address = "Chicago",
   year = 1970,
   note = "Czech translation, OIKYMENH, 1997"
}

@book{Kuhn:Revolutions-CZ,
   author = "Thomas S. Kuhn",
   title = "The Structure of Scientific Revolutions",
   publisher = "OIKYMENH",
   year = 1997,
   note = "Czech translation"
}

@book{Bielikova:FLP,
   author = "Mária Bieliková and Pavol Návrat",
   title = "Funkcionálne a logické programovanie",
   publisher = "Slovak University of Technology in Bratislava",
   year = 1997,
   note = "In Slovak"
}

@book{Gamma:Patterns,
   author = "Erich Gamma and Richard Helm and Ralph Johnson and John Vlissides",
   title = "Design Patterns: Elements of Reusable Object-Oriented Software",
   publisher = "Addison-Wesley",
   year = 1995
}

@book{Alexander:Timeless,
   author = "Christopher Alexander",
   title = "The Timeless Way of Building",
   publisher = "Oxford University Press",
   year = 1979,
}

@book{Stroustrup:C++Design,
   author = "Bjarne Stroustrup",
   title = "The Design and Evolution of C++",
   publisher = "Addison-Wesley",
   year = 1994
}




@article{lee00featurebased,
    author = "Kwanwoo Lee and Kyo C. Kang and Wonsuk Chae and Byoung Wook Choi",
    title = "Feature-based approach to object-oriented engineering of applications for reuse",
    journal = "Soft\-ware\emdash Prac\-tice and Experience",
    volume = "30",
    number = "9",
    pages = "1025--1046",
    year = "2000",
    url = "citeseer.nj.nec.com/523126.html"
}
    
@article{504088,
 author = {Nenad Medvidovic and David S. Rosenblum and David F. Redmiles and Jason E. Robbins},
 title = {Modeling software architectures in the Unified Modeling Language},
 journal = {ACM Transactions on Software Engineering and Methodology (TOSEM)},
 volume = {11},
 number = {1},
 year = {2002},
 issn = {1049-331X},
 pages = {2--57},
 doi = {http://doi.acm.org/10.1145/504087.504088},
 publisher = {ACM},
 }

@article{335528,
 author = {Edsger W. Dijkstra},
 title = {Computing Science: achievements and challenges},
 journal = {ACM SIGAPP Applied Computing Review},
 volume = {7},
 number = {2},
 year = {1999},
 pages = {2--9},
 doi = {http://doi.acm.org/10.1145/335527.335528},
 publisher = {ACM},
 }

@ARTICLE{Floyd:Paradigms,
 author = {Robert W. Floyd},
 title = {The paradigms of programming},
 journal = {Communications of the ACM},
 volume = {22},
 number = {8},
 year = {1979},
 issn = {0001-0782},
 pages = {455--460},
 doi = {http://doi.acm.org/10.1145/359138.359140},
 publisher = {ACM},
 }

@ARTICLE{Batory:GenVoca,
   author = {Don Batory and Bart J. Geraci},
   title = {Composition Validation and Subjectivity in {GenVoca} Generators},
   journal = {IEEE Transactions on Software Engineering (special issue on Software Reuse)},
   month = feb,
   year = 1997,
   pages = "67--82",
}
   note = "Available at~\cite{PLA}",

@ARTICLE{Shoham:AgentOP,
  author = "Yoav Shoham",
  title = "Agent-Oriented Programming",
  journal = "Artificial Intelligence",
  year = 1993,
  volume = 60,
  pages = "51--92"
  }

@ARTICLE{Koschmann:OO-Logic-Gap,
  author = "Timothy Koschmann and Martha Walton Evens",
  title = "Bridging the Gap between Object-Oriented and Logic Programming",
  journal = "IEEE Software",
  year = 1988,
  month = jul,
  volume = 60,
  pages = "36--42"
  }

@ARTICLE{Xu:LOC,
  author = "Diaxiang Xu and Guoliang Zheng",
  title = "Logical Objects with Constraints",
  journal = "ACM SIGPLAN Notices",
  volume = 30,
  number = 1,
  year = 1995,
  month = jan,
  pages = "36--42"
  }



@ARTICLE{Simonyi:IP-Future,
   author = "Charles Simonyi",
   title = "The Future Is Intentional",
   journal = "IEEE Computer",
   volume = 32,
   number = 5,
   pages = "56--57",
   month = may,
   year = 1999,
}
   note = "Available at~\cite{MS-IP}"


@ARTICLE{Coplien:Broadening,
   author = {James Coplien},
   journal = {ACM Computing Surveys},
   title = {Broadening Beyond Objects to Patterns and to other paradigms},
   year = 1996,
   month = dec,
   number = 4,
   volume = {28A},
}
   note = "Available at \url{http://www.acm.org/surveys} (last accessed in " # aug # " 2000)"

@ARTICLE{Coplien:SCV,
   author = {James Coplien and Daniel Hoffman and David Weiss},
   journal = {IEEE Software},
   title = {Commonality and Variability in Software Engineering},
   year = 1998,
   month = nov,
   number = 6,
   volume = 15,
}
   note = {Available at~\cite{Coplien}}

@ARTICLE{Vranes:IntegratingMP,
    author = "Sanja Vraneš and Mladen Stanojević",
    title = "Integrating Multiple Paradigms within the Blackboard Framework",
    journal = "IEEE Transactions on Software Engineering",
    volume = "21",
    number = "3",
    pages = "244--262",
    year = 1995
}

@ARTICLE{Gao:FMEditor,
    author = "J. X. Gao and Y. S. Tang and R. Sharma",
    title = "A Feature Model Editor and Process Planning System for Sheet Metal Products",
    journal = "Journal of Materials Processing Technology",
    number = "107",
    pages = "88--95",
    year = 2000
}

@ARTICLE{Knutson:MPDofDb,
    author = "Charles D. Knutson and Timothy A. Budd and Hugh Vidos",
    title = "Multiparadigm Design of a Simple Relational Database",
    journal = "ACM SIGPLAN Notices",
    volume = 35,
    number = 12,
    year = 2000,
    month = dec,
    pages = "51--61",
}
    note = "Available at \url{http://faculty.cs.byu.edu/~knutson/publications/Sigplan_Dec_2000_Knutson.pdf} (last accessed in " # feb # " 2003)"






@inproceedings{Jia:FOComponentSemantics,
    author = "Yu Jia and Yuqing Gu",
    title = "The Representation of Component Semantics: A Feature-Oriented Approach",
    booktitle = "Proc. of the Workshop on Component-based Software Engineering: Composing Systems From Components (a part of 9th IEEE Conference and Workshops on Engineering of Computer-Based Systems)",
    editor = "Ivica Crnković and Stig Larsson and Judith Stafford",
    address = "Lund, Sweden",
    month = apr,
    year = 2002,
}
    note = "Available at \url{http://www.idt.mdh.se/~icc/cbse-ecbs2002} (last accessed in " # feb # " 2003)",



@inproceedings{Griss:FM-RSEB,
    author = "Martin L. Griss and John Favaro and Massimo d'Alessandro",
    title = "Integrating Feature Modeling with the {RSEB}",
    booktitle = "Proc. of 5th International Conference on Software Reuse",
    editor = "P. Devanbu and J. Poulin",
    publisher = "IEEE Computer Society Press",
    address = "Vicoria, B.C., Canada",
    pages = "76--85",
    year = "1998",
}
    note = "Available at \url{http://favaro.net/publications} (last accessed in " # feb # " 2003)",
    url = "citeseer.nj.nec.com/griss98integrating.html"
    
@inproceedings{Clauss:VariabilityUML,
   author = "Matthias Clau$\beta$",
   title = "Modeling Variability with {UML}",
   booktitle = "Proc. of {Net.ObjectDays 2001}, Young Researchers Workshop on Generative and Component-Based Software Engineering",
   publisher = "tranSIT",
   month = sep,
   year = 2001,
   address ="Erfurt, Germany",
   pages = "226--230",
   ISBN = "3-00-008419-3"
}
   editor = "",

@inproceedings{Lee:FM-PLSE,
   author = "Kwanwoo Lee and Kyo C. Kang and Jaejoon Lee",
   title = "Concepts and Guidelines of Feature Modeling for Product Line Software Engineering",
   booktitle = "Proc. of 7th International Conference (ICSR-7)",
   editor = "Cristina Gacek",
   publisher = "Springer",
   series = "LNCS 2319",
   month = apr,
   year = 2002,
   address ="Austin, Texas, USA",
   ISBN = "3-540-43483-6"
}
Software Reuse: Methods, Techniques, and Tools

@inproceedings{Geyer:FM-DesignSpaces,
   author = {Lars Geyer},
   title = {Feature Modelling Using Design Spaces},
   booktitle = {Proc. of the 1st German Product Line Workshop
 		(1. Deutscher Software-Produktlinien Workshop, {DSPL-1})},
   year = 2000,
   month = nov,
   address ={Kaiserslautern, Germany},
   publisher = {IESE},
   www = {http://www.uni-kl.de/AG-Nehmer/Projekte/GeneSys/Papers/PL-Workshop00.pdf}
}

@inproceedings{Riebisch:ExtendingFM,
   author = {Matthias Riebisch and Kai Böllert and Detlef Streitferdt and Ilka Philippow},
   title = {Extending Feature Diagrams with {UML} Multiplicities},
   booktitle = {Proc. of the 6th Conference on Integrated Design and Process Technology {(IDPT 2002)}},
   year = 2002,
   month = jun,
   address ={Pasadena, California, USA},
   publisher = {Society for Design and Process Science},
}
   note = {Available at~\cite{Riebisch}},
   www = {http://www.theoinf.tu-ilmenau.de/~riebisch/publ/IDPT2002-paper.pdf}

@inproceedings{Riebisch:UsingOCL,
   author = {Detlef Streitferdt and Matthias Riebisch and Ilka Philippow},
   title = {Details of Formalized Relations in Feature Models Using {OCL}},
   booktitle = {Proc. of the 10th IEEE Symposium and Workshops on Engineering of Computer-Based Systems ({ECBS'03})},
   year = 2003,
   month = apr,
   address ={Pasadena, California, USA},
   publisher = {IEEE Computer Society},
   pages = "297--304",
}
   note = {Available at~\cite{Riebisch}},
   www = {http://www.theoinf.tu-ilmenau.de/~riebisch/publ/ecbs03-features.pdf}

@inproceedings{Riebisch:MorePrecise,
   author = {Matthias Riebisch},
   title = {Towards a More Precise Definition of Feature Models},
   booktitle = {Modelling Variability for Object-Oriented Product Lines},
   editor = "M. Riebisch and J. O. Coplien and D. Streitferdt",
   year = 2003,
   address ={Norderstedt},
   publisher = {BookOnDemand Publ. Co.},
   pages = "64--76",
}
   note = {Available at~\cite{Riebisch}},

@inproceedings{Simos:ODM,
   author = {Mark A. Simos},
   title = {Organization Domain Modeling ({ODM}): Formalizing The Core Domain Modeling Life Cycle},
   booktitle = {Proc. of the 1995 Symposium on Software reusability},
   year = 1995,
   isbn = {0-89791-739-1},
   pages = {196--205},
   address ={Seattle, Washington, United States},
   doi = {http://doi.acm.org/10.1145/211782.211845},
   publisher = {ACM}
}

@inproceedings{Kishi:AOAnalysis,
   author = {Tomoji Kishi and Natsuko Noda},
   title = {Aspect-Oriented Analysis for Architectural Design},
   booktitle = {Proc. of the 4th International Workshop on Principles of Software Evolution},
   year = 2002,
   isbn = {1-58113-508-4},
   pages = {126--129},
   address ={Vienna, Austria},
   doi = {http://doi.acm.org/10.1145/602461.602488},
   publisher = {ACM}
}

@inproceedings{Ossher:SOP-Decentralized,
   author = {Harold Ossher and William Harrison and Frank Budinsky and Ian Simmonds},
   BOOKTITLE = {Proc. of 7th IBM Conference on Object-Oriented Technology},
   title = {Subject-Oriented Programming: Supporting Decentralized Development of Objects},
   YEAR = 1994,
   Month = jul,
}
   note = "Available at~\cite{IBM-SOP}"

% patt-smolenice
@inproceedings{Smolar:DP-Modeling, 
   author = "Mária Smolárová and Pavol Návrat and Mária Bieliková",
   title = "A Technique for Modelling Design Patterns",
   editor = "Pavol Návrat and Haruki Ueno",
   booktitle = "Proc. of 3rd Joint Conference on Knowledge-Based Software Engineering (JCKBSE'98)",
   pages = "89--97",
   month = sep,
   year = 1998,
   address = "Smolenice, Slovakia",
   publisher = "IOS Press"
}
   series = "All ACM Conferences",

@inproceedings{Smolar:DP-Reuse,
   author = "Mária Smolárová and Pavol Návrat",
   title = "Reuse with Design Patterns: Towards Pattern-Based Design",
   editor = "Y. Feng and D. Notkin and M.C. Gaudel",
   booktitle = "Proc. Software: Theory and Practice",
   pages = "232--235",
   year = 2000,
   address = "Beijing, China",
   publisher = "PHEI - Publishing House of Electronics Industry"
}

@inproceedings{Smolar:DP-Components,
   author = "Mária Smolárová and Pavol Návrat",
   title = "Representing Design Patterns as Design Components",
   editor = "J. Eder and I. Rozman and T. Welzer",
   booktitle = "Proc. of Short Papers of 3rd East-European Conference on Advances in Databases and Information Systems (ADBIS'99)",
   pages = "140--148",
   month = sep,
   year = 1999,
   address = "Maribor, Slovenia"
}

@inproceedings{Smolar:Abstracting,
   author = "Mária Smolárová and Pavol Návrat and Mária Bieliková",
   title = "Abstracting and Generalising with Design Patterns",
   editor = "U. Güdükbay, T Dayar, A. Gürsay and E. Gelenbe",
   booktitle = "Proc. of 13th International Symposium on Computer and Information Sciences (ISCIS'98)",
   pages = "551--558",
   year = 1998,
   address = "Belek-Antalya, Turkey",
   publisher = "IOS Press"
}



@misc{Roeder:IP-GCSE,
   author = "Lutz Röder",
   title = "Transformation and Visualization of Abstractions Using the Intentional Programming System",
   howpublished = "Presentation abstract, GCSE'99 Young Researchers Workshop, 1st International Conference on Generative and Component-Based Software Engineering, Erfurt, Germany",
   month = sep,
   year = 1999,
}
   note = "Available at \url{http://www.netobjectdays.org/mirrors/stja.cd/GCSE99_Young/Abstract_GCSE99YRW.htm} (last accessed in " # mar # " 2004)"


@misc{Batory:PLA-GCSE,
   author = "Don Batory",
   title = "Product-Line Architectures, Generators and Reuse",
   howpublished = "Slides and notes of the tutorial given at " # GCSE1,
   month = sep,
   year = 1999
}


@misc{Coplien:MPDI-GCSE,
   author = {James O. Coplien},
   title = {Multi-Paradigm Design and Implementation in {C++}},
   howpublished = "Slides and notes of the tutorial given at " # GCSE1,
   month = sep,
   year = 1999
}
   note = "Available at~\cite{Coplien}",

@misc{Czarnecki:GP-NOD2003,
   author = "Krzysztof Czarnecki and Ulrich W. Eisenecker and Simon Helsen",
   title = "Generative Programing: Methods, Techniques, and Applications",
   howpublished = "Slides and notes of the tutorial given at Net.ObjectDays~2003",
   month = sep,
   year = 2003,
}	
   note = "Available at \url{http://www.netobjectdays.org/pdf/03/slides/tutorial/gpce2003.pdf} (last accessed in " # mar # " 2004)"

@inproceedings{Batory-SSL,
   author = "Don Batory and Vivek Singhal and Jeff Thomas and Marty Sirkin",
   title = "Scalable Software Libraries",
   booktitle = "ACM SIGSOFT '93 Conference (Los Angeles)",
   month = dec,
   year = 1993,
}
   note = "Available at \url{ftp://ftp.cs.utexas.edu/pub/predator/sigsoft-93.ps} (last accessed in " # aug # " 2000)"

@inproceedings{Aksit:CF,
   author = "Mehmet Aksit and Bedir Tekinerdogan",
   title = "Solving the Modeling Problems of Object-Oriented Languages by Composing Multiple Aspects Using Composition Filters",
   booktitle = "Proc. of the Aspect-Oriented Programming Workshop at ECOOP'98",
   address = "Brussels, Belgium",
   year = 1998,
}
   note = "Available at~\cite{TRESE}"

@inproceedings{Aksit:InteractionsCF,
   author = "Mehmet Aksit and Ken Wakita and Jan Bosch and Lodewijk Bergmans and Akinori Yonezawa",
   title = "Abstracting Object-Interactions Using Composition-Filters",
   booktitle = "Proc. of 7th"  # ECOOP # " (ECOPP'93) Workshop",
   editors = "R. Guerraoui and O. Nierstrasz and M. Riveill",
   publisher = "Springer",
   series = "LNCS 791",
   address = "Kaiserslautern, Germany",
   year = 1993,
   pages = "152--184",
}
   note = "Available at~\cite{TRESE}"
   booktitle = "Object-Based Distributed Processing",


@inproceedings{Kiczales:AOP,
   author = "Gregor Kiczales and John Lamping and Anurag Mendhekar and Chris Maeda and Christina Vidiera Lopes and Jean-Marc Loingtier and John Irwin",
   title = "Aspect-Oriented Programming",
   booktitle = "Proc. of 11th "  # ECOOP # " (ECOOP'97)",
   editor = "Mehmet Aksit and Satoshi Matsuoka",
   publisher = "Springer",
   series = "LNCS 1241",
   month = jun,
   year = 1997,
   address = "Jyv{\"{a}}skyl{\"{a}}, Finland",
}
   note = "Available at~\cite{PARC-SDA}"
   
@inproceedings{Prehofer:FOP,
   author = "Gregor Kiczales and John Lamping and Anurag Mendhekar and Chris Maeda and Christina Vidiera Lopes and Jean-Marc Loingtier and John Irwin",
    title = "Feature-Oriented Programming: A Fresh Look at Objects",
   booktitle = "Proc. of 11th "  # ECOOP # " (ECOOP'97)",
   editor = "Mehmet Aksit and Satoshi Matsuoka",
   publisher = "Springer",
   series = "LNCS 1241",
   month = jun,
   year = 1997,
   address = "Jyv{\"{a}}skyl{\"{a}}, Finland",
}

@inproceedings{Kaplan:WatsonSC,
   author = "Matthew Kaplan and Harold Ossher and William Harrison and Vincent Kruskal",
   title = "Subject-oriented design and the Watson Subject Compiler",
   booktitle = "11th Annual ACM Conference on Object-Oriented Programming Systems, Languages and Applications (OOPSLA'96)",
   year = 1996,
}
   note = "Available at~\cite{IBM-SOP}"

@inproceedings{Bicarregui:Formality,
   author = "Juan C. Bicarregui",
   title = "Exploiting Formality in Software Engineering",
   booktitle = "Proc. 26th Conference on Current Trends in Theory and Practice of Informatics (SOFSEM'99)",
   editor = "Jan Pavelka and Gerard Tel and Miroslav Bartošek",
   month = nov,
   year = 1999,
   address = "Milovy, Czech Republic",
   publisher = "Springer",
   series = "LNCS 1725"
}

@inproceedings{Kiczales:AJOverview,
   author = "Gregor Kiczales and Erik Hilsdale and Jim Hugunin and Mik Kersten and Jeffrey Palm and William G. Griswold",
   title = "An Overview of {AspectJ}",
   booktitle = "Proc. of 15th "  # ECOOP # " (ECOOP~2001)",
   editor = "Elisa Bertino",
   month = jun,
   year = 2001,
   address = "Budapest, Hungary",
   publisher = "Springer",
   series = "LNCS 2072",
}
   note = "Available at~\cite{AspectJ}."

@inproceedings{Madsen:UnifiedLanguage,
   author = "Ole Lehrmann Madsen",
   title = "Towards a Unified Programming Language",
   booktitle = "Proc. of 14th " # ECOOP # "(ECOOP~2000)",
   editor = "J{\o}rgen Lindskov Knudsen",
   month = jun,
   year = 2000,
   address = "Sophia Antipolis and Cannes, France",
   series = "LNCS 1850",
   publisher = "Springer"
}

@inproceedings{RecentAJ,
   author = {Cristina Videira Lopes and Gregor Kiczales},
   title = {Recent Developments in {AspectJ}},
   booktitle = "Proc. of 12th "  # ECOOP # " (ECOPP'98) Workshops, Demos, and Posters",
   month = jul,
   year = 1998,
   publisher = "Springer",
   series = "LNCS 1543",
   address = "Brussels, Belgium",
}
   note = "Available at~\cite{PARC-SDA}"
   In ECOOP'98 Workshop Reader, Springer-Verlag LNCS 1543.


@inproceedings{Bachmann:ManagingVariabiliy,
   author = "Felix Bachmann and Len Bass",
   title = "Managing Variability in Software Architectures",
   booktitle = "Proc. of the 2001 Symposium on Software Reusability: Putting Software Reuse in Context",
   year = 2001,
   publisher = "ACM",
   address = "Toronto, Ontario, Canada",
}
   note = "Available at~\url{http://www.sei.cmu.edu/plp/variability.pdf} (last accessed in " # feb # " 2003)",
   www = "\url{http://doi.acm.org/10.1145/375212.375274}"



@MASTERSTHESIS{Bednasch:MSc,
   author = "Thomas Bednasch",
   title = "Konzept und Implementierung eines konfigurierbaren Metamodells für die Merkmalmodellierung",
   school = "Fachhochschule Kaiserslautern, Standort Zweibrücken, Fachbereich Informatik",
   year = 2002,
   note = "In German. Available at~\cite{Eisenecker}"
}
   note = "In German. Available at \url{http://www.informatik.fh-kl.de/~eisenecker/studentwork/dt_wollny.pdf} (last accessed in " # mar # " 2004)"

@MASTERSTHESIS{Blinn:MSc,
   author = "Frank Blinn",
   title = "Entwurf und Implementierung eines Generators für Merkmalmetamodelle",
   school = "Fachhochschule Zweibrücken, Fachbereich Informatik",
   year = 2001,
   note = "In German. Available at~\cite{Eisenecker}"
}
   note = "In German. "Available at \url{http://www.informatik.fh-kl.de/~eisenecker/studentwork/dt_blinn.pdf} (last accessed in " # mar # " 2004)"

@MASTERSTHESIS{Koopmans:Sina,
    AUTHOR = {Piet S. Koopmans},
    TITLE = {On the Definition and Implementation of the {Sina/st} Language},
    SCHOOL = {Dept. of Computer Science, University of Twente},
    Address = {The Netherlands},
    month = aug,
    YEAR = 1995,
    Note = "Available at~\cite{TRESE}"
}


@techreport{pure::variants,
   author = "{pure-systems GmbH}",
   title = "Variant Management with {pure::variants}",
   year = "2003--2004",
   note = "Technical White Paper. Available at~\url{http://web.pure-systems.com/}, last accessed in " # feb # " 2006"
}


@techreport{OMG:UML-Spec,
   author = "{Object Management Group}",
   title = "{OMG} Unified Modeling Language Specification, Version 1.5",
   year = 2003,
   month = mar,
   note = "Available at~\cite{UML}"
}

@techreport{Lieberherr:Aspectual,
AUTHOR       = "Karl J. Lieberherr and David Lorenz and Mira Mezini",
TITLE        = "Programming with Aspectual Components",
INSTITUTION  = "College of Computer Science, Northeastern University",
YEAR         = 1999,
MONTH        = "March",
NUMBER       = "{NU-CCS-99-01}",
ADDRESS      = "Boston, MA",
note = "Available at~\cite{Demeter}"
}        

@techreport{NOT-VALID:SOP-Erfurt,
AUTHOR       = "Karl J. Lieberherr",
TITLE        = "Demeter and Aspect-Oriented Programming: Why are programs hard to evolve?",
INSTITUTION  = "College of Computer Science, Northeastern University",
YEAR         = 1997,
ADDRESS      = "Boston",
note = "Available at~\cite{Demeter}"
}        

@techreport{Koopmans:Sina-manual,
   author = "Piet S. Koopmans",
   title = "{Sina/st}: User’s Guide and Reference Manual",
   institution = "Dept. of Computer Science, University of Twente",
   type = "Manual",
   address = "The Netherlands",
   month = jul,
   year = 1996,
   note = "Available at~\cite{TRESE}"
}


@techreport{Lieberherr:AP-AOP,
   author = "Karl J. Lieberherr",
   title = "Connections between {Demeter}/Adaptive Programming and Aspect-Oriented Programming",
   type = "Web document",
   institution = "College of Computer Science, Northeastern University",
   address = "Boston, USA",
   note = "Available at~\cite{Demeter}"
}
   note = "Available through~\cite{Demeter}, or directly at \url{http://www.ccs.neu.edu/home/lieber/connection-to-aop.html} (last accessed in " # oct # " 2001)"

@techreport{Lieberherr:DemeterAndAOP,
   author = "Karl J. Lieberherr",
   title = "Demeter and Aspect-Oriented Programming: Why are programs hard to evolve?",
   type = "Presentation slides",
   institution = "{\it 3rd Conference Smalltalk und Java in Industrie und Ausbildung (STJA~97)}",
   year = 1997,
   address = "Erfurt, Germany",
   note = "Available at~\cite{Demeter}"
}        
   institution  = "College of Computer Science, Northeastern University",
   type = "Presentation slides. Presented at {\it 3rd Conference ``Smalltalk und Java in Industrie und Ausbildung'' (STJA~97)}, Erfurt, Germany, 1997. Available at~\cite{Demeter}."

@techreport{Kang:FODA,
   author = "Kyo C. Kang and Sholom G. Cohen and James A. Hess and William E. Novak and A. Spencer Peterson",
   title = "Feature-Oriented Domain Analysis ({FODA}): A Feasibility Study",
   institution = SEI,
   address = "Pittsburgh, USA",
   month = nov,
   year = 1990,
   number = "CMU/SEI-90-TR-21",
}        
   note = "Available at~\cite{SEI} (last accessed in " # mar # " 2002)",
   www = "\url{http://www.sei.cmu.edu/domain-engineering/FODA.ps}"

@techreport{Chastek:PLA,
   author = "Gary Chastek and Patrick Donohoe and Kyo Chul Kang and Steffen Thiel",
   title = "Product Line Analysis: A Practical Introduction",
   institution = SEI,
   address = "Pittsburgh, USA",
   month = jun,
   year = 2001,
   number = "CMU/SEI-2001-TR-001",
}        
   note = "Available at~\cite{SEI} (last accessed in " # feb # " 2003)",
   www = "\url{http://www.sei.cmu.edu/publications/documents/01.reports/01tr001.html}"

@techreport{Bass:Architecture-Based,
   author = "Len Bass and Rick Kazman",
   title = "Architecture-Based Development",
   institution = SEI,
   address = "Pittsburgh, USA",
   year = 1999,
   number = "CMU/SEI-99-TR-007",
}        
   note = "Available at~\cite{SEI} (last accessed in " # feb # " 2003)",
   www = "\url{http://www.sei.cmu.edu/publications/documents/99.reports/99tr007/99tr007abstract.html}"

@techreport{Filman:AOPbib,
 title = {A Bibliography of Aspect-Oriented Programming, Version 1.22},
 author = {Robert E. Filman},
 month = jun,
 year = 2003,
 number = {03.01},
 institution = {Research Institute for Advanced Computer Science},
 address = {NASA Ames Research Center, Moffett Field, California}
}



@misc{PLP-Framework,
   author = SEI,
   title = "A Framework for Software Product Line Practice --- Version 3.0",
   howpublished = "\url{http://www.sei.cmu.edu/plp/framework.html}",
   note = "Last accessed in  " # feb # " 2003"
}

@misc{Simonyi:IP,
   author = {Charles Simonyi},
   title = {The Intentional Programming Overview},
   month = jul,
   year = 1996
}
   note = "Available at~\cite{MS-IP}"

@misc{Simonyi:IP-Inov,
   author = {Charles Simonyi},
   title = {Intentional Programming---Innovation in the Legacy Age},
   month = jun,
   year = 1996,
   note = "Presented at IFIP WG~2.1 meeting."
}
   note = "Presented at IFIP WG~2.1 meeting, available at~\cite{Roeder}"
   note = "Presented at IFIP WG 2.1 meeting, available at~\cite{MS-IP}"


@misc{Kean:DE,
   author = {Liz Kean},
   title = "Software Technology Review: Domain Engineering and Domain Analysis",
   month = jan,
   year = 1997,
   note = "Available at~\cite{SEI}"
}



% Reviewed
@UNPUBLISHED{Assmann:Generics,
   author = {Uwe A$\beta$mann and Dirk Heuzeroth, Andreas Ludwig, Rainer Neumann, Thomas Ge$\beta$ler},
   title = {Generalized Generics with Boxes and Hooks},
   year = 2000,
   month = dec,
}



% WEB PAGES:

@misc{AOSD,
   author = "{AOSD steering committee}",
   title = "{Aspect-Oriented Software Development home page}",
   howpublished = "\url{http://aosd.net}",
   note = "Last accessed in " # mar # " 2003"
}

@misc{Xerox-AOP-obsolete,
   author = "{Xerox PARC}",
   title = "{Aspect-Oriented Programming home page}",
   howpublished = "\url{http://www.parc.xerox.com/aop}",
   note = "Last accessed in " # jul # " 2001"
}

@misc{PARC-SDA,
   author = "{PARC}",
   title = "{Software Design Area home page}",
   howpublished = "\url{http://www2.parc.com/sda}",
   note = "Last accessed in " # nov # " 2001"
}

@misc{AspectJ-obsolete,
   author = "{PARC}",
   title = "{{AspectJ} home page}",
   howpublished = "\url{http://aspectj.org}",
   note = "Last accessed in " # sep # " 2002"
}

@misc{AspectJ,
   author = "{Eclipse.org}",
   title = "{{AspectJ} project home page}",
   howpublished = "\url{http://eclipse.org/aspectj}",
   note = "Last accessed in " # jan # " 2003"
}

@misc{Eclipse,
   author = "{Eclipse.org}",
   title = "{Eclipse.org home page}",
   howpublished = "\url{http://eclipse.org}",
   note = "Last accessed in " # jan # " 2003"
}

   key = {IBM},
@misc{IBM-SOP,
   author = "{IBM Research}",
   title = "{Subject-Oriented Programming home page}",
   howpublished = "\url{http://www.research.ibm.com/sop}",
   note = "Last accessed in " # aug # " 2000"
}

   key = {Demeter},
   title = "{Demeter Group home page}",
@misc{Demeter,
   author = "{Demeter group}",
   title = "{Home page}",
   howpublished = "\url{http://www.ccs.neu.edu/research/demeter}",
   note = "Last accessed in  " # oct # " 2001"
}

   key = {Czarnecki Krzysztof},
@misc{Czarnecki,
   author = "Krzysztof Czarnecki",
   title = {{Home page}\protect\footnote{This is Czarnecki's old home page, but it contains a lot of useful material. His new home page is \url{http://www.swen.uwaterloo.ca/~kczarnec}.}},
   howpublished = "\url{http://www.prakinf.tu-ilmenau.de/~czarn}",
   note = "Last accessed in " # mar # " 2004"
}
   note = "This Czarnecki's old home page (last updated " # jan # " 1999). The new one is \url{http://www.swen.uwaterloo.ca/~kczarnec}. Accessed in " # mar # " 2004"

@misc{Eisenecker,
   author = "Ulrich W. Eisenecker",
   title = "{Home page}",
   howpublished = "\url{http://www.informatik.fh-kl.de/~eisenecker}",
   note = "Last accessed in " # feb # " 2006"
}

   key = {Coplien James O.},
@misc{Coplien,
   author = "James O. Coplien",
   title = "{Home page}",
   howpublished = "\url{http://www.bell-labs.com/people/cope}",
   note = "Last accessed in " # jun # " 2003"
}

@misc{Riebisch,
   author = "Matthias Riebisch",
   title = "{Home page}",
   howpublished = "\url{http://www.theoinf.tu-ilmenau.de/~riebisch}",
   note = "Last accessed in " # mar # " 2004"
}


   key = {Microsoft},
   title = "{Microsoft Research Intentional Programming Group home page}",
@misc{MS-IP,
   author = "{Microsoft Research}",
   title = "{Intentional Programming group} home page",
   howpublished = "\url{http://research.microsoft.com/ip}",
   note = "Last accessed in  " # feb # " 2001. Now obsolete."
}


@misc{Roeder,
   author = "Lutz Roeder",
   title = "Home page",
   howpublished = "\url{http://www.aisto.com/roeder}",
   note = "Last accessed in  " # nov # " 2001"
}


   key = "{Product-Line Architecture Research group}",
   title = "{Product-Line Architecture Research Group home page}",
@misc{PLA,
   author = "{Product-Line Architecture Research group}",
   title = "{Home page}",
   howpublished = "\url{http://www.cs.utexas.edu/users/schwartz}",
   note = "Last accessed in  " # nov # " 2001"
}

   key = {TRESE},
   title = "{Twente Research and Education on Software Engineering (TRESE) Group home page}",
@misc{TRESE,
   author = "{Twente Research and Education on Software Engineering (TRESE) group}",
   title = "{Home page}",
   howpublished = "\url{http://trese.cs.utwente.nl}",
   note = "Last accessed in  " # nov # " 2001"
}

@misc{ResearchIndex,
   author = "{NEC Research Institute}",
   title = "{ResearchIndex: The NECI Scientific Digital Research Library}",
   howpublished = "\url{http://citeseer.nj.nec.com}",
   note = "Last accessed in  " # jul # " 2001"
}

@misc{Merriam-Webster,
   author = "{Merriam-Webster OnLine}",
   title = "{Merriam-Webster's Collegiate Dictionary}",
   howpublished = "\url{http://www.m-w.com}",
   note = "Last accessed in  " # jul # " 2001"
}

@misc{SEI,
   author = SEI,
   title = "{Home page}",
   howpublished = "\url{http://www.sei.cmu.edu}",
   note = "Last accessed in  " # feb # " 2003"
}

@misc{GP,
   author = "Krzysztof Czarnecki and Ulrich W. Eisenecker",
   title = "Generative Programming - Methods, Tools, and Applications",
   howpublished = "\url{http://www.generative-programming.org}",
   note = "Last accessed in  " # mar # " 2004"
}

@misc{Dia,
   author = "Dia",
   title = "{Home page}",
   howpublished = "\url{http://www.lysator.liu.se/~alla/dia}",
   note = "Last accessed in  " # jul # " 2002"
}

@misc{Joyner:Critique,
   author = "Ian Joyner",
   title = "{C++??: A Critique of C++ and Programming and Language Trends of the 1990s}",
   howpublished = "3rd edition. \url{http://www.elj.com/cppcv3}",
   note = "Last accessed in  " # oct # " 2002"
}

@misc{Asadal,
   author = "{POSTECH SE Lab.}",
   title = "{ASADAL} home page",
   howpublished = "\url{http://selab.postech.ac.kr/realtime/public_html}",
   note = "Last accessed in  " # feb # " 2003"
}

@misc{UML,
   author = "{Object Management Group}",
   title = "{UML} Resource Page",
   howpublished = "\url{http://www.omg.org/uml}",
   note = "Last accessed in  " # nov # " 2003"
}

@misc{CptFeature,
   author = "{Captain Feature}",
   title = "Project Page",
   howpublished = "\url{https://sourceforge.net/projects/captainfeature}",
   note = "Last accessed in  " # mar # " 2004"
}



@ARTICLE{Fazekas:CIT,
   author = "Zoltan Fazekas",
   title = "Facilitating Configurability by Separation of Concerns in the Source Code",
   journal = "Journal of Computing and Information Technology (CIT)",
   year = 2005,
   month = sep,
   number = 3,
   volume = 13,
   pages = "195--210"
}


@ARTICLE{Kollar:Adaptation,
   author = "Ján Kollár and Jaroslav Porubän and Peter Václavík and Jana Bandáková and Michal Forgáč",
   title = "Functional Approach to the Adaptation of Languages Instead of Software Systems",
   journal = "Computer Science and Information Systems Journal (ComSIS)",
   year = 2007,
   month = dec,
   number = 2,
   volume = 4,
}

@ARTICLE{Conradi:SCM,
   author = "Reidar Conradi and Bernhard Westfechtel",
   title = "Version Models for Software Configuration Management",
   journal = "ACM Computing Surveys",
   month = jun,
   year = 1998,
   volume=30,
   number=2,
   pages = "232--282",
}

@inproceedings{Papapetrou:AOP-CB,
    author = "Odysseas Papapetrou and George A. Papadopoulos",
    title = "Aspect-Oriented Programming for a Component Based Real Life Application: A Case Study",
    booktitle = "2004 ACM Symposium on Applied Computing",
    publisher = "ACM",
    address = "Nicosia, Cyprus",
    pages = "1554--1558",
    year = "2004",
}  

@inproceedings{Kvale:COTS-AOP,
    author = "Axel Anders Kvale and Jingyue Li and Reidar Conradi",
    title = "A Case Study on Building {COTS}-Based System Using Aspect-Oriented Programming",
    booktitle = "2005 ACM Symposium on Applied Computing",
    publisher = "ACM",
    address = "Santa Fe, New Mexico, USA",
    pages = "1491--1497",
    year = "2005",
}    

@ARTICLE{Li:COTS-AOP,
   author = "Jingyue Li and Axel Anders Kvale and Reidar Conradi",
   title = "A Case Study on Improving Changeability of {COTS}-Based System Using Aspect-Oriented Programming",
   journal = "Journal of Information Science and Engineering",
   month = mar,
   year = 2006,
   volume=22,
   number=2,
   pages = "375--390",
}

@book{Miles:AJCookbook,
   author = "Russell Miles",
   title = "{AspectJ} Cookbook",
   publisher = "O'Reilly",
   year = "2004"
}


@inproceedings{Loughran:FramedAspects,
    author = "Neil Loughran and Awais Rashid and Weishan Zhang and Stan Jarzabek",
    title = "Supporting Product Line Evolution with Framed Aspects",
    booktitle = "Workshop on Aspects, Componentsand Patterns for Infrastructure Software (held with {AOSD} 2004, International Conference on Aspect-Oriented Software Development)",
    address = "Lancaster, UK",
    month = mar,
    year = "2004",
}    


@techreport{Rho:DPEvol,
   author = "Tobias Rho and Günter Kniesel",
   title = "Independent Evolution of Design Patterns and Application Logic with Generic Aspects---A Case Study",
   institution = "University of Bonn",
   address = "Bonn, Germany",
   month = apr,
   year = 2006,
   number = "IAI-TR-2006-4",
}        
   institution = "Department of Computer Science {III}, University of Bonn",





% My publications:           

@PHDTHESIS{Vranic:Phd,
   author = "Valentino Vranić",
   title = "Multi-Pradigm Design with Feature Modeling",
   type = "{PhD} thesis in preparation",
   school = "Slovak University of Technology in Bratislava",
   year = 2003,
   address = "Slovakia"
}

@PHDTHESIS{Vranic:TowardsMPD-Exam,
   author = "Valentino Vranić",
   title = "Towards Multi-Pradigm Software Development",
   type = "Written part of the {PhD} examination",
   school = "Slovak University of Technology in Bratislava",
   month = sep,
   year = 2000,
   address = "Slovakia"
}

Vranic:Towards
@ARTICLE{Vranic:TowardsMPSD,
   author = "Valentino Vranić",
   title = "Towards Multi-Paradigm Software Development",
   journal = "Journal of Computing and Information Technology (CIT)",
   pages = "133--147",
   year = 2002,
   number = 2,
   volume = 10,
}

@ARTICLE{Dolog:ChangeByAspect,
   author = "Peter Dolog and Valentino Vranić and Mária Bieliková",
   title = "Representing Change by Aspect",
   journal = "ACM SIGPLAN Notices",
   pages = "77--83",
   year = 2001,
   month = dec,
   number = 12,
   volume = 36   
}


Vranic:ISM
@inproceedings{Vranic:MultiParadigm-ISM,
   author = "Valentino Vranić",
   title = "Multiple Software Development Paradigms and Multi-Paradigm Software Development",
   editor = "J.~Zendulka",
   booktitle = "Proc. of 3rd International Conference on Information Systems Modelling (ISM 2000)",
   pages = "191--196",
   month = may,
   year = 2000,
   address = "Rožnov pod Radhoštěm, Czech Republic",
   publisher = "MARQ"
}

@inproceedings{Vranic:IncorpVDG-ElITech,
   author = "Valentino Vranić",
   title = "Incorporating Variability Dependency Graphs into Multi-Paradigm design with Feature Modeling",
   booktitle = "Proc. of 4th Scientific Conference on Electrical Engineering and Information Technology for Ph.D. Students {\sc ElITech 2001}",
   year = 2001,
   address = "Bratislava, Slovakia",
}

Vranic:ElITech
@inproceedings{Vranic:Paradigm-ElITech,
   author = "Valentino Vranić",
   title = "A Concept of Paradigm in the Multi-Pradigm Software Development",
   booktitle = "Proc. of 3rd Scientific Conference on Electrical Engineering and Information Technology for Ph.D. Students {\sc ElITech 2000}",
   year = 2000,
   address = "Bratislava, Slovakia",
}
   month = sep,



Vranic:GCSE
@inproceedings{Vranic:AJParadigms-GCSE,
   author = "Valentino Vranić",
   title = "{AspectJ} Paradigm Model: A Basis for Multi-Paradigm Design for {AspectJ}",
   booktitle = "Proc. of 3rd International Conference on Generative and Component-Based Software Engineering (GCSE 2001)",
   editor = "Jan Bosch",
   pages = "48--57",
   month = sep,
   year = 2001,
   address = "Erfurt, Germany",
   publisher = "Springer",
   series = "LNCS 2186"
}



@misc{Vranic:MPDfm-Bgd,
   author = "Valentino Vranić",
   title = "Multi-Paradigm Design with Feature Modeling",
   howpublished = "Lecture given at the Faculty of Organizational Sciences, University of Belgrade, Serbia.",
   month = mar,
   year = 2002
}

Vranic:JCKBSE
@misc{Vranic:TowardsMPD-JCKBSE,
   author = "Valentino Vranić",
   title = "Towards Multi-Pradigm Software Development",
   howpublished = "Presentation given at {\em 4th Joint Conference on Knowledge-Based Software Engineering (JCKBSE 2000)}, Brno, Czech Republic.",
   month = sep,
   year = 2000
}

@techreport{Vranic:NewMPD,
   author = "Valentino Vranić",
   title = "A New Basis for Multi-Paradigm Design",
   month = mar,
   year = 2001,
   institution = "Slovak University of Technology in Bratislava",
   address = "Slovakia"
}

@techreport{Vranic:AJParadigms,
   author = "Valentino Vranić",
   title = "{AspectJ} Paradigm Model: A Basis for Multi-Paradigm Design for {AspectJ}",
   year = 2001,
   month = may,
   institution = "Slovak University of Technology in Bratislava",
   address = "Slovakia"
}

@inproceedings{Vranic:FMM,
   author = "Valentino Vranić",
   title = "Reconciling Feature Modeling: A Feature Modeling Metamodel",
   booktitle = "Proc. of 5th Annual International Conference on Object-Oriented and Internet-Based Technologies, Concepts, and Applications for a Networked World (Net.ObjectDays 2004)",
   editor = "Matias Weske and Peter Liggsmeyer",
   pages = "122--137",
   month = sep,
   year = 2004,
   address = "Erfurt, Germany",
   publisher = "Springer",
   series = "LNCS 3263"
}


@ARTICLE{Vranic:MPDfm-ComSIS,
   author = "Valentino Vranić",
   title = "Multi-Paradigm Design with Feature Modeling",
   journal = "Computer Science and Information Systems Journal (ComSIS)",
   year = 2005,
   month = jun,
   number = 1,
   volume = 2,
   pages = "79--102"
}

@inproceedings{Bebjak:AOChange,
   author = "Michal Bebjak and Valentino Vranić and Peter Dolog",
   title = "Evolution of Web Applications with Aspect-Oriented Design Patterns",
   booktitle = "Proc. of ICWE~2007 Workshops, 2nd International Workshop on Adaptation and Evolution in Web Systems Engineering, AEWSE~2007, in conjunction with 7th International Conference on Web Engineering, ICWE~2007",
   editor = "Marco Brambilla and Emilia Mendes",
   pages = "80--86",
   month = jul,
   year = 2007,
   address = "Como, Italy",
}


@inproceedings{Vranic:AppAOCR,
   author = "Valentino Vranić and Michal Bebjak and Radoslav Menkyna and Peter Dolog",
   title = "Developing Applications with Aspect-Oriented Change Realization",
   booktitle = "Proc. of 3rd IFIP TC2 Central and East European Conference on Software Engineering Techniques CEE-SET~2008",
   year = 2008,
   address = "Brno, Czech Republic",
   series = "LNCS",
}


@inproceedings{Filkorn:FD-MDA,
   author = "Roman Filkorn and Pavol Návrat",
   title = "An Approach for Integrating Analysis Patterns and Feature Diagrams into Model Driven Architecture",
   booktitle = "Proc. 31st Conference on Current Trends in Theory and Practice of Informatics (SOFSEM 2005)",
   editor = "Peter Vojtáš and Mária Bieliková and Bernadette Charron-Bost",
   month = jan,
   year = 2005,
   address = "Liptovský Jan, Slovakia",
   publisher = "Springer",
   series = "LNCS 3381"
}

@inproceedings{Khan:Slicing,
   author = "Safoora Khan and Awais Rashid",
   title = "Analysing Requirements Dependencies and Change Impact Using Concern Slicing",
   booktitle = "Proc. of Aspects, Dependencies, and Interactions Workshop (affiliated to ECOOP~2008)",
   month = jul,
   year = 2006,
   address = "Nantes, France",
}
http://www.aosd-europe.net/adi06/


@inproceedings{Rozinajova:Gap,
   author = "Viera Rozinajová and Marek Braun and Pavol Návrat and Mária Bieliková",
   title = "Bridging the Gap Between Service-Oriented and Object-Oriented Approach in Information Systems Development",
   booktitle = "Proc. of IFIP 20th World Computer Congress, TC 8, Information Systems",
   editor = "D. Avison and G. M. Kasper and B. Pernici and I. Ramos and D. Roode",
   month = sep,
   year = 2008,
   address = "Milano, Italy ",
   publisher = "Springer Boston",
}


@inproceedings{Harbulot:LoopsAJ,
 author = {Bruno Harbulot and John R. Gurd},
 title = {A Join Point for Loops in {AspectJ}},
 booktitle = {Proc. of  5th International Conference on Aspect-Oriented Software Development, AOSD~2006},
 year = {2006},
 pages = {63--74},
 address = {Bonn, Germany},
 publisher = {ACM},
}

@inproceedings{Grossniklaus:OOContextAwareDM,
   author = {Michael Grossniklaus and Moira C. Norrie},
   title = {An Object-Oriented Version Model for Context-Aware Data Management},
   booktitle = "Proc. of 8th International Conference on Web Information Systems Engineering, WISE 2007",
   editor = "Mathias Weske and Mohand-Said Hacid and Claude Godart",
   month = dec,
   year = 2007,
   publisher = "Springer",
   series = "LNCS 4831",
   address = "Nancy, France",
}


@inproceedings{Grossniklaus:OOContextAwareDM,
   author = {Michael Grossniklaus and Moira C. Norrie},
   title = {Towards Aspect-Oriented Programming for Context-Aware Systems: A Comparative Study},
   booktitle = "Proc. of 8th International Conference on Web Information Systems Engineering, WISE 2007",
   editor = "Mathias Weske and Mohand-Said Hacid and Claude Godart",
   month = dec,
   year = 2007,
   publisher = "Springer",
   series = "LNCS 4831",
   address = "Nancy, France",
}


@inproceedings{Dantas:AOContextAware,
   author = {Francisco Dantas and Thaís Batista and Nélio Cacho and Alessandro Garcia},
   title = {Towards Aspect-Oriented Programming for Context-Aware Systems: A Comparative Study},
   booktitle = "Proc. of 1st International Workshop on Software Engineering for Pervasive Computing Applications, Systems, and Environments, SEPCASE'07",
   month = may,
   year = 2007,
   publisher = "IEEE",
   address = "Minneapolis, USA",
}
